<?xml version="1.0" encoding="UTF-8"?><record xmlns="http://www.loc.gov/MARC21/slim" xmlns:cinclude="http://apache.org/cocoon/include/1.0" xmlns:zs="http://www.loc.gov/zing/srw/">
  <leader>00617cz  a2200133n  4500</leader>
  <controlfield tag="001">n 2002073518</controlfield>
  <controlfield tag="003">DLC</controlfield>
  <controlfield tag="005">20020523155246.0</controlfield>
  <controlfield tag="008">020523n| acannaabn           n ana      </controlfield>
  <datafield tag="010" ind1=" " ind2=" ">
    <subfield code="a">n 2002073518</subfield>
  </datafield>
  <datafield tag="040" ind1=" " ind2=" ">
    <subfield code="a">DLC</subfield>
    <subfield code="b">eng</subfield>
    <subfield code="c">DLC</subfield>
  </datafield>
  <datafield tag="110" ind1="2" ind2=" ">
    <subfield code="a">Wilson County Jail (Floresville, Tex.)</subfield>
  </datafield>
  <datafield tag="670" ind1=" " ind2=" ">
    <subfield code="a">NUCMC data from Daughters of the Republic of Texas (San Antonio, Tex.) for Wilson County Courthouse collection, 1873-1978</subfield>
    <subfield code="b">(Name not given; Wilson County, Tex., courthouse and jail)</subfield>
  </datafield>
  <datafield tag="670" ind1=" " ind2=" ">
    <subfield code="a">Courthouses of Texas WWW Home page, May 23, 2002</subfield>
    <subfield code="b">(Wilson County Jail, Floresville, Tex.; built 1887; now inactive and converted to museum)</subfield>
  </datafield>
</record>